<record><leader>00000cas a2200000 a 4500</leader><controlfield tag="001">13402420</controlfield><controlfield tag="008">860407d18241827scuwr ne      0    0eng c</controlfield><datafield ind1=" " ind2=" " tag="010"><subfield code="a">sn 86053268 </subfield></datafield><datafield ind1=" " ind2=" " tag="040"><subfield code="a">NPX</subfield><subfield code="b">eng</subfield><subfield code="c">NPX</subfield><subfield code="d">SVN</subfield><subfield code="d">OCL</subfield><subfield code="d">SVN</subfield><subfield code="d">NVF</subfield><subfield code="d">OCL</subfield><subfield code="d">OCLCQ</subfield><subfield code="d">OCLCF</subfield><subfield code="d">OCLCO</subfield></datafield><datafield ind1=" " ind2=" " tag="019"><subfield code="a">25387708</subfield></datafield><datafield ind1=" " ind2=" " tag="042"><subfield code="a">pcc</subfield></datafield><datafield ind1=" " ind2=" " tag="043"><subfield code="a">n-us-sc</subfield></datafield><datafield ind1="0" ind2=" " tag="130"><subfield code="a">South Carolina Republican (Pottersville, S.C.)</subfield></datafield><datafield ind1="1" ind2="4" tag="245"><subfield code="a">The South-Carolina Republican.</subfield></datafield><datafield ind1=" " ind2=" " tag="260"><subfield code="a">Pottersville, Near Edgefield Ct. Hs., S.C. :</subfield><subfield code="b">Abner Landrum, for John Lofton</subfield></datafield><datafield ind1=" " ind2=" " tag="300"><subfield code="a">v.</subfield></datafield><datafield ind1=" " ind2=" " tag="310"><subfield code="a">Weekly</subfield></datafield><datafield ind1="1" ind2=" " tag="362"><subfield code="a">Began in 1824; ceased in Mar. 1827.</subfield></datafield><datafield ind1=" " ind2=" " tag="588"><subfield code="a">Description based on: Vol. 2, no. 70 (July 2, 1825).</subfield></datafield><datafield ind1=" " ind2="0" tag="651"><subfield code="a">Edgefield County (S.C.)</subfield><subfield code="v">Newspapers.</subfield></datafield><datafield ind1=" " ind2="7" tag="655"><subfield code="a">Newspapers.</subfield><subfield code="2">fast</subfield><subfield code="0">(OCoLC)fst01423814</subfield></datafield><datafield ind1=" " ind2="7" tag="651"><subfield code="a">South Carolina</subfield><subfield code="z">Edgefield County.</subfield><subfield code="2">fast</subfield><subfield code="0">(OCoLC)fst01215692</subfield></datafield><datafield ind1=" " ind2=" " tag="752"><subfield code="a">United States</subfield><subfield code="b">South Carolina</subfield><subfield code="c">Edgefield</subfield><subfield code="d">Edgefield.</subfield></datafield><datafield ind1=" " ind2=" " tag="752"><subfield code="a">United States</subfield><subfield code="b">South Carolina</subfield><subfield code="c">Edgefield</subfield><subfield code="d">Pottersville.</subfield></datafield><datafield ind1="0" ind2="0" tag="785"><subfield code="t">Edgefield hive (Pottersville, S.C. : 1827)</subfield><subfield code="w">(DLC)sn 86053269</subfield></datafield></record>